@BOOK{paganisalsa:2015analisi1,
	TITLE = {Analisi matematica 1},
	AUTHOR = {Pagani, C.D. and Salsa, S.},
	ISBN = {9788808151339},
	URL = {https://www.zanichelli.it/ricerca/prodotti/analisi-matematica-pagani-salsa-001?hl=analisi%201},
	YEAR = {2015},
	PUBLISHER = {Zanichelli}
}

@BOOK{paganisalsa:2015analisi2,
	TITLE = {Analisi matematica 2},
	AUTHOR = {Pagani, C.D. and Salsa, S.},
	ISBN = {9788808637086},
	URL = {https://www.zanichelli.it/ricerca/prodotti/analisi-matematica-pagani-salsa-001?hl=analisi%201},
	YEAR = {2015},
	PUBLISHER = {Zanichelli}
}

@BOOK{rudin:1987realcomplex,
	TITLE = {Real and complex analysis},
	AUTHOR = {Rudin, W.},
	ISBN = {9780071002769},
	URL = {https://www.mheducation.com/highered/product/real-complex-analysis-rudin/M9780070542341.html},
	YEAR = {1987},
	PUBLISHER = {McGraw-Hill International Editions}
}

@BOOK{rudin:1976principles,
	TITLE = {Principles of Mathematical Analysis},
	AUTHOR = {Rudin, W.},
	ISBN = {9780070542358},
	URL = {https://www.mheducation.com/highered/product/principles-mathematical-analysis-rudin/M9780070542358.html},
	YEAR = {1976},
	PUBLISHER = {McGraw-Hill International Editions}
}

@BOOK{folland:2013real,
	TITLE = {Real Analysis: Modern Techniques and Their Applications},
	AUTHOR = {Folland, G.B.},
	ISBN = {9781118626399},
	SERIES = {Pure and Applied Mathematics: A Wiley Series of Texts, Monographs and Tracts},
	URL = {https://www.wiley.com/en-us/Real+Analysis%3A+Modern+Techniques+and+Their+Applications%2C+2nd+Edition-p-9781118626399},
	YEAR = {2013},
	PUBLISHER = {Wiley}
}

@BOOK{jech:2003settheory,
	TITLE = {Set Theory: The Third Millennium Edition},
	AUTHOR = {Jech, T.},
	ISBN = {9783540440857},
	SERIES = {Springer Monographs in Mathematics},
	URL = {https://link.springer.com/book/10.1007/3-540-44761-X},
	YEAR = {2003},
	PUBLISHER = {Springer}
}

@BOOK{peano:1887applicazioni,
	TITLE = {Applicazioni geometriche del calcolo infinitesimale},
	AUTHOR = {Peano, G.},
	year = {1887},
	PUBLISHER = {Fratelli Bocca}
}

@BOOK{knuth:1989concrete,
	TITLE = {Concrete Mathematics: A Foundation for Computer Science},
	AUTHOR = {Graham, R. L. and Knuth, D. E. and Patashnik, O.},
	URL = {https://www.bibsonomy.org/bibtex/2ccef670ef39186763ecd379d2cca1e0a/jaeschke},
	YEAR = {1989},
	PUBLISHER = {Addison-Wesley}
}

@ARTICLE{ramanujan:1914piapprox,
	TITLE = {Modular equations and approximations to $\pi$},
	AUTHOR = {Ramanujan, S. A.},
	JOURNAL={Quarterly Journal of Mathematics},
	VOLUME={XLV},
	PAGES={350--372},
	YEAR = {1914}
}

@ARTICLE{lebesgue:developpement,
	TITLE = {SUR LE DÉVELOPPEMENT DE LA NOTION D'INTÉGRALE},
	AUTHOR = {Lebesgue, H.},
	ISSN = {00351571, 21025177},
	URL = {http://www.jstor.org/stable/40896441},
	JOURNAL = {Revue de Métaphysique et de Morale},
	NUMBER = {2},
	PAGES = {149--167},
	PUBLISHER = {Presses Universitaires de France},
	VOLUME = {34},
	YEAR = {1926}
}

@BOOKLET{andretta:2021elements,
	TITLE = {Elements of Mathematical Logic},
	AUTHOR = {Andretta, A.},
	YEAR = {2021}
}

@BOOKLET{antucabertolotti:2021manualozzogeometria,
	TITLE = {Tutto quello che avreste voluto sapere sulla Geometria 2* (* ma non avete mai osato chiedere)},
	AUTHOR = {Antuca, E. and Bertolotti, M.},
	URL = {https://maxmaci.github.io/manualozzi/ManualozzoGeometria2.pdf},
	YEAR = {2021}
}

@MISC {user21820:laymanordinals,
	TITLE = {Definition of Ordinals in Set Theory in Layman Terms},
	AUTHOR = {user21820 HATES SMOKING-HATS},
	HOWPUBLISHED = {Mathematics Stack Exchange},
	URL = {https://math.stackexchange.com/q/1861272}
}